@book{sutton,
  title = {Reinforcement Learning: An Introduction},
  author = {Richard S. Sutton and Andrew G. Barto},
  isbn = {9780262039246},
  series = {Adaptive computation and machine learning series},
  year = {2018},
  publisher = {MIT Press},
  keywords = {LCSH, Reinforcement Learning}
}

@techreport{MARL:overview,
  author = "L. Bus¸oniu, R. Babuska, and B. De Schutter",
  title = "Multi-agent reinforcement learning: An overview",
  chapter = "Chapter 7 in Innovations in Multi-Agent Systems and Applications 
  – 1(D. Srinivasan and L.C. Jain, eds.)",
  volume = "vol. 310 of Studies in Computational Intelligence",
  institution = "Delft Center for Systems and Control, Delft University of 
  Technology",
  year = "2010",
  address = "Mekelweg 2, 2628 CD Delft The Netherlands",
  publisher = "Springer",
  pages = "183–221",
  url = "https://www.dcsc.tudelft.nl"
}

@article{DBLP:journals/corr/abs-1911-10635,
  author = {Kaiqing Zhang andZhuoran  Tamer Basar},
  title = {Multi-Agent Reinforcement Learning: {A} Selective Overview of 
    Theories and Algorithms},
  journal = {CoRR},
  volume = {abs/1911.10635},
  year = {2019},
  url = {http://arxiv.org/abs/1911.10635},
  eprinttype = {arXiv},
  eprint = {1911.10635},
  timestamp = {Tue, 03 Dec 2019 14:15:54 +0100},
  biburl = {https://dblp.org/rec/journals/corr/abs-1911-10635.bib},
  bibsource = {dblp computer science bibliography, https://dblp.org} 
}

@misc{vieira2021openworld,
  title={Open-World Active Learning with Stacking Ensemble for Self-Driving 
    Cars}, 
  author={Paulo R. Vieira and Pedro D. Félix and Luis Macedo},
  year={2021},
  eprint={2109.06628},
  archivePrefix={arXiv},
  primaryClass={cs.CV}
}

@misc{duckietown-library,
  title = {The Duckietown Library (current version)}, 
  author = {Duckietown},
  url = {https://docs.duckietown.org/daffy/}, 
  journal = {Duckietown Library (stable version)}
}

@article{tan2021flying,
  title = {Flying Guide Dog: Walkable Path Discovery for the Visually 
  Impaired Utilizing Drones and Transformer-based Semantic Segmentation},
  author = {Tan, Haobin and Chen, Chang and Luo, Xinyu and Zhang, 
  Jiaming and Seibold, Constantin and Yang, Kailun and Stiefelhagen, Rainer},
  journal = {arXiv preprint arXiv:2108.07007},
  year = {2021}
}

@misc{dataflair_2021, 
  title = {Real-time pedestrian detection using Python and OpenCV}, 
  author = {DataFlair},
  url = {https://data-flair.training/blogs/pedestrian-detection-python-opencv/},
  journal={DataFlair},
  year={2021}, 
  month={May}
}


